<record xmlns='http://www.loc.gov/MARC21/slim'><leader>01414cim a22003132u 4500</leader><controlfield tag='001'>3600419</controlfield><controlfield tag='005'>20151214182558.0</controlfield><controlfield tag='007'>ss|lmnjluz|nuu</controlfield><controlfield tag='008'>991101s1987    nyunnn         l    eng d</controlfield><datafield ind1=' ' ind2=' ' tag='035'><subfield code='a'>(NIC)notisASF7484</subfield></datafield><datafield ind1=' ' ind2=' ' tag='035'><subfield code='a'>3600419</subfield></datafield><datafield ind1=' ' ind2=' ' tag='035'><subfield code='a'>(OCoLC)63896024</subfield></datafield><datafield ind1=' ' ind2=' ' tag='040'><subfield code='a'>NIC</subfield><subfield code='c'>NIC</subfield><subfield code='d'>NIC</subfield><subfield code='d'>NIC</subfield></datafield><datafield ind1='1' ind2=' ' tag='100'><subfield code='a'>Salpeter, Edwin E. </subfield></datafield><datafield ind1='1' ind2='2' tag='245'><subfield code='a'>A university physicist and the pentagon: consulting for the military in the 60&apos;s</subfield><subfield code='h'>[sound recording]</subfield></datafield><datafield ind1=' ' ind2=' ' tag='260'><subfield code='c'>1987.</subfield></datafield><datafield ind1=' ' ind2=' ' tag='300'><subfield code='a'>2 sound cassettes (85 min.) :</subfield><subfield code='b'>analog, mono.</subfield></datafield><datafield ind1=' ' ind2=' ' tag='500'><subfield code='a'>Recorded in Ithaca, NY by Cornell University.</subfield></datafield><datafield ind1=' ' ind2=' ' tag='500'><subfield code='a'>Sponsored by: Science, Technology and Society, Program on,Society for Awareness in Science (SAS).</subfield></datafield><datafield ind1=' ' ind2=' ' tag='500'><subfield code='a'>Speaker(s): Saltpeter is the James Gilbert White Distinguished Professor in the Physical Sciences and has been a member of the President&apos;s Scientific Advisory Committee and Director of the Center for Radiophysics and Space Research.</subfield></datafield><datafield ind1=' ' ind2=' ' tag='518'><subfield code='a'>Lecture, October 28, 1987.</subfield></datafield><datafield ind1=' ' ind2=' ' tag='520'><subfield code='a'>Saltpeter describes his involvement in scietific consultation regarding government military projects.</subfield></datafield><datafield ind1=' ' ind2='0' tag='650'><subfield code='a'>Military research.</subfield></datafield><datafield ind1=' ' ind2='0' tag='650'><subfield code='a'>Scientists in government.</subfield></datafield><datafield ind1=' ' ind2='7' tag='650'><subfield code='a'>Military research</subfield><subfield code='2'>fast</subfield><subfield code='0'>(OCoLC)fst01021439</subfield></datafield><datafield ind1=' ' ind2='7' tag='650'><subfield code='a'>Scientists in government</subfield><subfield code='2'>fast</subfield><subfield code='0'>(OCoLC)fst01108944</subfield></datafield><datafield ind1='1' ind2=' ' tag='899'><subfield code='a'>CULectures</subfield></datafield><datafield ind1=' ' ind2=' ' tag='905'><subfield code='a'>20000320120000.0</subfield></datafield><datafield ind1='2' ind2=' ' tag='948'><subfield code='a'>20141221</subfield><subfield code='b'>m</subfield><subfield code='d'>batch</subfield><subfield code='e'>lts</subfield><subfield code='x'>addfast</subfield></datafield></record>